@BOOK{Lvovskii,
author = "Львовский С. М.",
title = "Набор и верстка в системе LaTeX",
address = "М.: МЦНМО",
year = 2006,
numpages = 448,
language = "russian"
}

@MISC{wikiLaTeX:website,
      TITLE = "LaTeX - Википедия",
      NOTE = "http://ru.wikipedia.org/wiki/LaTeX"
}
@MISC{wikiTeX:website,
      TITLE = "TeX - Википедия",
      NOTE = "http://ru.wikipedia.org/wiki/TeX"
}
@MISC{wikiGit:website,
      TITLE = "Git - Википедия",
      NOTE = "http://ru.wikipedia.org/wiki/Git"
}
@MISC{web:NeOchen,
      TITLE = "http://www.tex.uniyar.ac.ru/doc/lshortru.pdf",
      NOTE = "http://www.tex.uniyar.ac.ru/doc/lshortru.pdf"
}

@MISC{web:ProGit,
      TITLE = "Git - Book",
      NOTE = "http://git-scm.com/book/ru"
}